@article{quadrature,
    author = {Ludvig af Klinteberg and Anna-Karin Tornberg},
    year = {2018},
    title = {Adaptive Quadrature by Expansion for Layer Potential Evaluation in Two Dimensions},
    publisher = {SIAM Journal on Scientific Computing},
    volume = {40}
}

@article{poissonquad,
    author = {K. E. ATKINSON},
    year = {1985},
    title = {The Numerical Evaluation of Particular Solutions for Poisson's Equation},
    publisher = {IMA Journal of Numerical Analysis},
    volume = {5}
}

@article{newtonianplanar,
    author = {Zewen Shen and Kirill Serkh},
    title = {Rapid evaluation of Newtonian potentials on planar domains},
    year = {2023},
    publisher = {SIAM Journal on Scientific Computing}
}

@article{fastalgorithms,
    author = {S.Olver and R.M.Slevnsiky and A.Townsend},
    title = {Fast algorithms using Orthogonal polynomials},
    pages={655},
    year= {2020}
}

@article{logkernel,
    author = {S.Olver},
    title = {Newtonian Potentials of Legendre Polynomials on Rectangles have Displacement Structure},
    year = {2025}
}

@article{displacement1,
    author = {B.Beckermann, A.Townsend},
    title = {On the singular values of matrices with displacement structure},
    year = {2016}
}


@article{displacement2,
    author = {B.Beckermann, A.Townsend},
    title = {Bounds on the Singular Values of Matrices with Displacement Structure},
    year = {2019},
    publisher = {SIAM Journal on Scientific Computing}
}

@article{bem,
    title = {Integral equation methods in potential theory. I},
    publisher = {Royal Society of London. Series A. Mathematical and Physical Sciences},
    volume = {275},
    issue = {1360}
}

